%-------------------------------------------------------------------------------
% File: references.bib
%       COVID-19: Behind the Numbers project documentation.
%
% Author: Rambod Rahmani <rambodrahmani@autistici.org>
%         Created on 07/02/2021
%-------------------------------------------------------------------------------
@misc{who,
    author = "World Health Organization",
    title = "Archived: WHO Timeline - COVID-19",
    year = "2021",
    url = "https://www.who.int/news/item/27-04-2020-who-timeline---covid-19"
}

@misc{ourworldindata,
    author = "Our World in Data",
    title = "Coronavirus Pandemic (COVID-19) â€“ the data",
    year = "2021",
    url = "https://ourworldindata.org/coronavirus-data"
}

@article{betech,
	author = "Salomon Wollenstein-Betech, Christos G. Cassandras, Ioannis Ch. Paschalidis",
	title = "Personalized Predictive Models for Symptomatic COVID-19 Patients Using Basic Preconditions",
	journal = "International Journal of Medical Informatics",
	volume = "142",
	year = "2020",
	DOI = "https://doi.org/10.1016/j.ijmedinf.2020.104258"
}

@misc{mexico,
	author = "Gobierno de Mexico - Direccion General de Epidemiologia",
	title = "COVID-19 Datos Abiertos",
	year = "2021",
	url = "https://www.gob.mx/salud/documentos/datos-abiertos-152127"
}
